<record><leader>00000cas a2200000 a 4500</leader><controlfield tag="001">12277329</controlfield><controlfield tag="008">850718c18509999miuwr ne      0    0eng c</controlfield><datafield ind1=" " ind2=" " tag="010"><subfield code="a">sn 85033815 </subfield></datafield><datafield ind1=" " ind2=" " tag="040"><subfield code="a">NPU</subfield><subfield code="b">eng</subfield><subfield code="c">NPU</subfield><subfield code="d">NPX</subfield><subfield code="d">MGN</subfield><subfield code="d">MHN</subfield><subfield code="d">OCL</subfield><subfield code="d">OCLCQ</subfield><subfield code="d">OCLCF</subfield><subfield code="d">OCLCO</subfield></datafield><datafield ind1=" " ind2=" " tag="042"><subfield code="a">pcc</subfield></datafield><datafield ind1=" " ind2=" " tag="043"><subfield code="a">n-us-mi</subfield></datafield><datafield ind1="0" ind2=" " tag="130"><subfield code="a">Tecumseh herald (Tecumseh, Mich.)</subfield></datafield><datafield ind1="1" ind2="4" tag="245"><subfield code="a">The Tecumseh herald.</subfield></datafield><datafield ind1="1" ind2="7" tag="246"><subfield code="a">Semi-weekly herald</subfield><subfield code="b">&lt;Jan. 17, 1899&gt;-Sept. 10, 1918</subfield></datafield><datafield ind1="3" ind2=" " tag="246"><subfield code="a">Semiweekly herald</subfield></datafield><datafield ind1=" " ind2=" " tag="260"><subfield code="a">Tecumseh, Mich. :</subfield><subfield code="b">James H. Perry</subfield></datafield><datafield ind1=" " ind2=" " tag="300"><subfield code="a">v. ;</subfield><subfield code="c">66 cm.</subfield></datafield><datafield ind1=" " ind2=" " tag="310"><subfield code="a">Weekly,</subfield><subfield code="b">Sept. 19, 1918-</subfield></datafield><datafield ind1=" " ind2=" " tag="321"><subfield code="a">Weekly,</subfield><subfield code="b">Oct. 31, 1850-&lt;Oct. 28, 1898&gt;</subfield></datafield><datafield ind1=" " ind2=" " tag="321"><subfield code="a">Semiweekly,</subfield><subfield code="b">&lt;Jan. 17, 1899&gt;-Sept 10, 1918</subfield></datafield><datafield ind1="0" ind2=" " tag="362"><subfield code="a">Vol. 1, no. 1 (Oct. 31, 1850)-</subfield></datafield><datafield ind1=" " ind2=" " tag="500"><subfield code="a">Editor: S.C. Stacy, &lt;1876&gt;.</subfield></datafield><datafield ind1=" " ind2=" " tag="500"><subfield code="a">Publishers: C.M. Burlingame, &lt;1864-1873&gt;; S.C. Stacy, &lt;1876&gt;.</subfield></datafield><datafield ind1=" " ind2=" " tag="515"><subfield code="a">Whole numbering designation added: &lt;Vol. 2, no. 2 (Nov. 6, 1851) = whole no. 54&gt;.</subfield></datafield><datafield ind1=" " ind2="0" tag="651"><subfield code="a">Tecumseh (Mich.)</subfield><subfield code="v">Newspapers.</subfield></datafield><datafield ind1=" " ind2="0" tag="651"><subfield code="a">Lenawee County (Mich.)</subfield><subfield code="v">Newspapers.</subfield></datafield><datafield ind1=" " ind2="7" tag="655"><subfield code="a">Newspapers.</subfield><subfield code="2">fast</subfield><subfield code="0">(OCoLC)fst01423814</subfield></datafield><datafield ind1=" " ind2="7" tag="651"><subfield code="a">Michigan</subfield><subfield code="z">Lenawee County.</subfield><subfield code="2">fast</subfield><subfield code="0">(OCoLC)fst01211964</subfield></datafield><datafield ind1=" " ind2="7" tag="651"><subfield code="a">Michigan</subfield><subfield code="z">Tecumseh.</subfield><subfield code="2">fast</subfield><subfield code="0">(OCoLC)fst01232628</subfield></datafield><datafield ind1=" " ind2=" " tag="752"><subfield code="a">United States</subfield><subfield code="b">Michigan</subfield><subfield code="c">Lenawee</subfield><subfield code="d">Tecumseh.</subfield></datafield></record>